@misc{Blog,
	author 			= {{Stephen J. Friedl}},
	title 			= {{An Illustrated Guide to the Kaminsky DNS Vulnerability}},
	howpublished	= {http://unixwiz.net},
	year			= {Zuletzt abgerufen am: 25.01.2017},
	note 			= {\url{http://unixwiz.net/techtips/iguide-kaminsky-dns-vuln.html}}
}

