@misc{Internetrecht,
	author 			= {{Johannes Richard}},
	title 			= {{Hotspots und öffentliche WLANs – die Rechtslage}},
	howpublished	= {http://www.internetrecht-rostock.de},
	year			= {Zuletzt abgerufen am: 25.01.2017},
	note 			= {\url{http://www.internetrecht-rostock.de/wlan-rechtslage.htm}}
}

@misc{InternetStrafrecht,
	author 			= {{Jens Ferner}},
	title 			= {{Hackerparagraph – §202c StGB näher beleuchtet}},
	howpublished	= {http://www.internet-strafrecht.com},
	year			= {Zuletzt abgerufen am: 25.01.2017},
	note 			= {\url{http://www.internet-strafrecht.com/hackerparagraph-%C2%A7202c-stgb-naher-beleuchtet/it-strafrecht/}}
}

@misc{Datenschutz,
	author 			= {{Arbeitskreis „Technische und organisatorische Datenschutzfragen“ der Konferenz der Datenschutzbeauftragten des Bundes und der Länder unter Mitwirkung des Arbeitskreises „Medien“}},
	title 			= {{Datenschutz in drahtlosen Netzen}},
	howpublished	= {https://www.datenschutz-mv.de},
	year			= {Zuletzt abgerufen am: 25.01.2017},
	note 			= {\url{https://www.datenschutz-mv.de/datenschutz/publikationen/informat/wlan/oh_wlan.html}}
}

