@inproceedings{BGW01,
  author    = {Nikita Borisov and
               Ian Goldberg and
               David Wagner},
  title     = {Intercepting mobile communications: the insecurity of 802.11},
  booktitle = {{MOBICOM} 2001, Proceedings of the seventh annual international conference
               on Mobile computing and networking, Rome, Italy, July 16-21, 2001.},
  pages     = {180--189},
  year      = {2001},
  url       = {http://doi.acm.org/10.1145/381677.381695},
  doi       = {10.1145/381677.381695},
  timestamp = {Thu, 18 Aug 2016 11:19:40 +0200},
  biburl    = {http://dblp.uni-trier.de/rec/bib/conf/mobicom/BorisovGW01},
  bibsource = {dblp computer science bibliography, http://dblp.org}
}
@inproceedings{FMS01,
  author    = {Scott R. Fluhrer and
               Itsik Mantin and
               Adi Shamir},
  title     = {Weaknesses in the Key Scheduling Algorithm of {RC4}},
  booktitle = {Selected Areas in Cryptography, 8th Annual International Workshop,
               {SAC} 2001 Toronto, Ontario, Canada, August 16-17, 2001, Revised Papers},
  pages     = {1--24},
  year      = {2001},
  url       = {http://dx.doi.org/10.1007/3-540-45537-X_1},
  doi       = {10.1007/3-540-45537-X_1},
  timestamp = {Wed, 29 Jun 2011 15:48:36 +0200},
  biburl    = {http://dblp.uni-trier.de/rec/bib/conf/sacrypt/FluhrerMS01},
  bibsource = {dblp computer science bibliography, http://dblp.org}
}
@article{Kle08,
  author    = {Andreas Klein},
  title     = {Attacks on the {RC4} stream cipher},
  journal   = {Des. Codes Cryptography},
  volume    = {48},
  number    = {3},
  pages     = {269--286},
  year      = {2008},
  url       = {http://dx.doi.org/10.1007/s10623-008-9206-6},
  doi       = {10.1007/s10623-008-9206-6},
  timestamp = {Wed, 13 Jul 2016 08:58:51 +0200},
  biburl    = {http://dblp.uni-trier.de/rec/bib/journals/dcc/Klein08},
  bibsource = {dblp computer science bibliography, http://dblp.org}
}
@article{SIR04,
  author    = {Adam Stubblefield and
               John Ioannidis and
               Aviel D. Rubin},
  title     = {A key recovery attack on the 802.11b wired equivalent privacy protocol
               {(WEP)}},
  journal   = {{ACM} Trans. Inf. Syst. Secur.},
  volume    = {7},
  number    = {2},
  pages     = {319--332},
  year      = {2004},
  url       = {http://doi.acm.org/10.1145/996943.996948},
  doi       = {10.1145/996943.996948},
  timestamp = {Thu, 09 Feb 2006 13:50:27 +0100},
  biburl    = {http://dblp.uni-trier.de/rec/bib/journals/tissec/StubblefieldIR04},
  bibsource = {dblp computer science bibliography, http://dblp.org}
}
@inproceedings{TWP07,
  author    = {Erik Tews and
               Ralf{-}Philipp Weinmann and
               Andrei Pyshkin},
  title     = {Breaking 104 Bit {WEP} in Less Than 60 Seconds},
  booktitle = {Information Security Applications, 8th International Workshop, {WISA} 2007, Jeju Island, Korea, August 27-29, 2007, Revised Selected Papers},
  pages     = {188--202},
  year      = {2007},
  url       = {http://dx.doi.org/10.1007/978-3-540-77535-5_14},
  doi       = {10.1007/978-3-540-77535-5_14},
  timestamp = {Mon, 21 Jan 2008 15:02:44 +0100},
  biburl    = {http://dblp.uni-trier.de/rec/bib/conf/wisa/TewsWP07},
  bibsource = {dblp computer science bibliography, http://dblp.org}
}
@online{Wag95,
  author = {D. Wagner},
  title = {\glqq Re: Weak Keys in RC4\grqq},
  year = 1995,
  url = {http://www.cs.berkeley.edu/~daw/my-posts/my-rc4-weak-keys},
  urldate = {2016-12-8}
}
